
@inproceedings{Somenzi1993,
  author    = {R. Iris Bahar and
               Erica A. Frohm and
               Charles M. Gaona and
               Gary D. Hachtel and
               Enrico Macii and
               Abelardo Pardo and
               Fabio Somenzi},
  title     = {Algebraic decision diagrams and their applications},
  booktitle = {ICCAD},
  year      = {1993},
  pages     = {188-191},
  ee        = {http://doi.acm.org/10.1145/259794.259826},
  bibsource = {DBLP, http://dblp.uni-trier.de}
}


@ARTICLE{Bryant1986,
    author = {Randal E. Bryant},
    title = {Graph-based algorithms for Boolean function manipulation},
    journal = {IEEE Transactions on Computers},
    year = {1986},
    volume = {35},
    pages = {677--691}
}

@techreport{Bryant1994,
    author = "Randal E. Bryant and Yirng-An Chen",
    title = "Verification of Arithmetic Functions with Binary Moment Diagrams",
    institution = "CMU",
    number = "CS-94-160",
    pages = "41",
    year = "1994",
    url = "citeseer.ist.psu.edu/bryant94verification.html" }

@TECHREPORT{Clarke1995,
    author = {Edmund Clarke and M. Fujita and X. Zhao},
    title = {Application of multi-terminal binary decision diagrams},
    institution = {IFIP WG 10.5 Workshop on Applications of the Reed-Muller Expansion in Circuit Design},
    year = {1995}
}

@INPROCEEDINGS{FMCAD2002,
AUTHOR = {Ciardo, Gianfranco and Siminiceanu, Radu},
TITLE = {{Using edge-valued decision diagrams for symbolic generation
         of shortest paths}},
BOOKTITLE = {{Proc.\ FMCAD}},
ADDRESS = {Portland, OR, USA},
SERIES = {LNCS 2517},
PAGES = {256-273},
PUBLISHER = "Springer",
MONTH = nov,
YEAR = 2002,
}

@ARTICLE{Kam1998,
  author    = {Kam, T. and Villa, T. and Brayton, R.K. and
               Sangiovanni-Vincentelli, Alberto},
  title     = {{Multi-valued decision diagrams: theory and 
applications}},
  journal   = "Multiple-Valued Logic",
  year      = "1998",
  VOLUME    = "4",
  number    = "1--2",
  pages     = "9--62",
TOPIC = {_FMddalgo}}

@inproceedings{Lai1992,
  author    = {Yung-Te Lai and
               Sarma Sastry},
  title     = {Edge-Valued Binary Decision Diagrams for Multi-Level Hierarchical
               Verification},
  booktitle = {DAC},
  year      = {1992},
  pages     = {608-613},
  ee        = {http://portal.acm.org/citation.cfm?id=113938.149642},
  bibsource = {DBLP, http://dblp.uni-trier.de}
}

@Article{Lai1996,
AUTHOR =       "Y.-T. Lai and M. Pedram and B. K. Vrudhula",
TITLE = {{Formal verification using edge-valued binary decision diagrams}},
PAGES =        {247-255},
JOURNAL =      ieeetc,
VOLUME =       45,
YEAR =         1996,
LOCATION = {_infile},
TOPIC = {_FMddalgo}}

@inproceedings{Nagayama2008,
  author    = {Shinobu Nagayama and
               Tsutomu Sasao},
  title     = {Representations of Two-Variable Elementary Functions Using
               EVMDDs and their Applications to Function Generators},
  booktitle = {ISMVL},
  year      = {2008},
  pages     = {50-56},
  ee        = {http://doi.ieeecomputersociety.org/10.1109/ISMVL.2008.14},
  crossref  = {DBLP:conf/ismvl/2008},
  bibsource = {DBLP, http://dblp.uni-trier.de}
}


@INPROCEEDINGS{Saturation2001,
AUTHOR = {Ciardo, Gianfranco and L{\"{u}}ttgen, Gerald and Siminiceanu, Radu},
TITLE = {{Saturation: An efficient iteration strategy for
       symbolic state space generation}},
BOOKTITLE = {{Proc.\ TACAS}},
ADDRESS = {Genova, Italy},
SERIES = {LNCS 2031},
PAGES = {328-342},
PUBLISHER = "Springer",
MONTH = apr,
YEAR = 2001
}

@inproceedings{Brace1990,
author={{K. S. Brace and R. L. Rudell and R. E. Bryant.}},
title={{Efficient implementation of a BDD package.}},
booktitle={{Proceedings of the 27th Design Automation Conference}},
pages={{40-45}},
year={{1990}},
month={{June}}
}

@misc{NuSMV,
title={{NuSMV model checker}},
note={{\url{http://nusmv.irst.itc.it/}}}
}

@misc{SAL,
title={{SAL model checker}},
note={{\url{http://sal.csl.sri.com/}}}
}

@misc{CUDD,
title={{Colorado University Decision Diagram library}},
note={{\url{http://vlsi.colorado.edu/~fabio/CUDD/}}}
}

@INPROCEEDINGS{Ciardo2005,
AUTHOR = {Ciardo, Gianfranco and Yu, Jinquing},
TITLE = {{Saturation-based symbolic reachability analysis using conjunctive and disjunctive partitioning}},
booktitle={{Proc. CHARME}},
year={{2005}},
month={{October}}
}

@inproceedings{Sasao2009,
title={{Floating-point numerical function generators using EVMDDs for monotone elementary functions}},
author={{S. Nagayama, and T. Sasao, and J. T. Butler}},
booktitle={{39th International Symposium on Multiple-Valued Logic (ISMVL 2009)}},
year={{2009}},
pages={{349-355}}
}

@techreport{Roux10,
 author =       "Pierre Roux and Radu Siminiceanu",
 title =        "Model Checking with Edge-valued Decision Diagrams",
 institution =  "NASA",
 month =        "March",
 year =         "2010",
 type =         "CR",
 number =       "submitted",
 address =      "Langley Research Center, Hampton VA 23681-2199, USA"
}
